@article{ren2016faster,
  title={Faster R-CNN: Towards real-time object detection with region proposal networks},
  author={Ren, Shaoqing and He, Kaiming and Girshick, Ross and Sun, Jian},
  journal={IEEE transactions on pattern analysis and machine intelligence},
  volume={39},
  number={6},
  pages={1137--1149},
  year={2016},
  publisher={IEEE}
}

